<?xml version="1.0" encoding="UTF-8"?><collection xmlns="http://www.loc.gov/MARC21/slim"><record><leader>00462nam--2200157-i-4500</leader><controlfield tag="001">000047249</controlfield><controlfield tag="002">20161230</controlfield><controlfield tag="005">20161230201046</controlfield><controlfield tag="008">060222s1000------------r-----000-0-eng-d</controlfield><datafield ind1=" " ind2=" " tag="080"><subfield code="a">517.1:681.14</subfield></datafield><datafield ind1="1" ind2="0" tag="100"><subfield code="a">Whitesitt,J.E</subfield></datafield><datafield ind1="1" ind2=" " tag="245"><subfield code="a">Boolean algebra and its applications</subfield></datafield><datafield ind1=" " ind2=" " tag="260"><subfield code="a">London, Addison-wesley Publ.Co.Inc.,1961. X+ 182 P</subfield></datafield><datafield ind1=" " ind2=" " tag="490"><subfield code="a">Addison-wesley Series In The Engineering Sciences</subfield></datafield><datafield ind1=" " ind2=" " tag="852"><subfield code="a">17103</subfield><subfield code="c">517.11</subfield></datafield><datafield ind1=" " ind2=" " tag="CAT"><subfield code="a">Sys</subfield><subfield code="c">20080715</subfield><subfield code="h">121502</subfield></datafield></record></collection>